<?xml version="1.0" encoding="UTF-8"?><record xmlns="http://www.loc.gov/MARC21/slim" xmlns:cinclude="http://apache.org/cocoon/include/1.0" xmlns:zs="http://www.loc.gov/zing/srw/">
  <leader>00453nz  a2200145n  4500</leader>
  <controlfield tag="001">no 96056345 </controlfield>
  <controlfield tag="003">DLC</controlfield>
  <controlfield tag="005">19961030052020.0</controlfield>
  <controlfield tag="008">961029n| acannaab|          |a ana     c</controlfield>
  <datafield tag="010" ind1=" " ind2=" ">
    <subfield code="a">no 96056345 </subfield>
  </datafield>
  <datafield tag="035" ind1=" " ind2=" ">
    <subfield code="a">(OCoLC)oca04193921 </subfield>
  </datafield>
  <datafield tag="040" ind1=" " ind2=" ">
    <subfield code="a">KU</subfield>
    <subfield code="c">KU</subfield>
  </datafield>
  <datafield tag="110" ind1="2" ind2="0">
    <subfield code="a">European Structural Polymeric Composites Group</subfield>
  </datafield>
  <datafield tag="410" ind1="2" ind2="0">
    <subfield code="a">EUROCOMP</subfield>
  </datafield>
  <datafield tag="670" ind1=" " ind2=" ">
    <subfield code="a">Structural design of polymer composites, 1996:</subfield>
    <subfield code="b">t.p. (EUROCOMP, European Structural Polymeric Composites Group)</subfield>
  </datafield>
</record>